@INPROCEEDINGS{8308186,
  author={S. {Albawi} and T. A. {Mohammed} and S. {Al-Zawi}},
  booktitle={2017 International Conference on Engineering and Technology (ICET)}, 
  title={Understanding of a convolutional neural network}, 
  year={2017},
  volume={},
  number={},
  pages={1-6},
  doi={10.1109/ICEngTechnol.2017.8308186}}
  
  @misc{sagar_2019, title={Deep Learning for Detecting Pneumonia from X-ray Images}, url={https://towardsdatascience.com/deep-learning-for-detecting-pneumonia-from-x-ray-images-fc9a3d9fdba8}, journal={Medium}, publisher={Towards Data Science}, author={Sagar, Abhinav}, year={2019}, month={Nov}}
  
@article{ROBUST,
  title={Robust support vector machine with bullet hole image classification},
  author={Song, Qing and Hu, Wenjie and Xie, Wenfang},
  journal={IEEE transactions on systems, man, and cybernetics, part C (applications and reviews)},
  volume={32},
  number={4},
  pages={440--448},
  year={2002},
  publisher={IEEE}
}

@book{KUMARBOOK,
  title={Introduction to data mining},
  author={Tan, Pang-Ning and Steinbach, Michael and Kumar, Vipin},
  year={2016},
  publisher={Pearson Education}
}

@image
{
    PNEUMONIA_IMAGE,
    title={Large Dataset of Labeled Optical Coherence Tomography (OCT) and Chest X-Ray Images},
    author={Kermany, Daniel; Zhang, Kang; Goldbaum, Michael},
    year={2018},
    volume={3},
    doi={10.17632/rscbjbr9sj.3}
}
